@online{google-translation-api, 
    title={Google Cloud Translation -- Automate with AI-powered translation},
    url={https://cloud.google.com/translate},
    author={Google},
    urldate={2024-01-13}
}
@online{microsoft-translator, 
    title={Tłumacz platformy Azure AI | Microsoft Azure},
    url={https://azure.microsoft.com/pl-pl/products/ai-services/ai-translator},
    author={Microsoft},
    urldate={2024-01-13}
}
@online{amazon-translator, 
    title={Amazon Translate},
    url={https://docs.aws.amazon.com/translate/},
    author={Amazon},
    urldate={2024-01-13}
}
@online{deepl, 
    title={Tłumacz DeepL -- najlepszy translator na świecie},
    url={https://www.deepl.com},
    author={DeepL},
    urldate={2024-01-13},
}
@online{spider-repo, 
    title={taoyds/spider: scripts and baselines for Spider},
    url={https://github.com/taoyds/spider},
    author={Tao Yu and Rui Zhang and Kai Yang and Michihiro Yasunaga and Dongxu Wang and Zifan Li and James Ma and Irene Li and Qingning Yao and Shanelle Roman and Zilin Zhang and Dragomir Radev},
    urldate={2024-01-16},
    year={2018},
}
@online{stackoverflow-survey, 
    title={Stack Overflow 2023 Developer Survey},
    url={https://survey.stackoverflow.co/2023/},
    author={Stack~Overflow},
    urldate={2023-11-25},
    year={2023}
}
@online{argos-translate, 
    title={argosopentech/argos-translate: Open-source offline translation library written in Python},
    url={https://github.com/argosopentech/argos-translate},
    author={Argos~Open~Tech},
    urldate={2024-01-18},
    year={2020},
}
@online{ratsql-repository, 
    title={microsoft/rat-sql: A relation-aware semantic parsing model from English to SQL},
    url={https://github.com/microsoft/rat-sql},
    author = "Wang, Bailin  and
      Shin, Richard  and
      Liu, Xiaodong  and
      Polozov, Oleksandr  and
      Richardson, Matthew",
    urldate={2023-12-05},
    year={2020}
}
@online{bridge-repository, 
    title={Translating natural language questions to a structured query language},
    url={https://github.com/salesforce/TabularSemanticParsing},
    author = "Lin, Xi Victoria  and
      Socher, Richard  and
      Xiong, Caiming",
    urldate={2023-12-16},
    year={2020},
}
@online{resdsql-repository, 
    title={RUCKBReasoning/RESDSQL: The Pytorch implementation of RESDSQL},
    url={https://github.com/RUCKBReasoning/RESDSQL},
    author={Haoyang Li and Jing Zhang and Cuiping Li and Hong Chen},
    year={2023},
    urldate={2023-12-16},
}
@online{c3-repository, 
    title={bigbigwatermalon/C3SQL: The code for the paper C3: Zero-shot Text-to-SQL with ChatGPT},
    url={https://github.com/bigbigwatermalon/C3SQL},
    author={Xuemei Dong and Chao Zhang and Yuhang Ge and Yuren Mao and Yunjun Gao and lu Chen and Jinshu Lin and Dongfang Lou},
    urldate={2023-12-29},
    year={2023},
}
@online{chatgpt, 
    title={ChatGPT},
    url={https://chat.openai.com},
    author={OpenAI},
    urldate={2024-01-21},
    year={2023},
}
@Misc{polish-nlp-resources,
    author =       {S{\l}awomir Dadas},
    title =        {A repository of Polish {NLP} resources},
    howpublished = {Github},
    year =         {2019},
    url =          {https://github.com/sdadas/polish-nlp-resources/}
}
@article{Quamar2022NaturalInterfacesBook,
    title={Natural language interfaces to data},
    author={Quamar, Abdul and Efthymiou, Vasilis and Lei, Chuan and {\"O}zcan, Fatma and others},
    doi = {10.1561/1900000078},
    issn = {1931-7883},
    journal={Foundations and Trends in Databases},
    volume={11},
    number={4},
    pages={319--414},
    year={2022},
    publisher={Now Publishers, Inc.}
}
@inproceedings{Min2019,
    title={A Pilot Study for Chinese SQL Semantic Parsing},
    author={Min, Qingkai and Shi, Yuefeng and Zhang, Yue},
    booktitle={Proceedings of the 2019 Conference on Empirical Methods in Natural Language Processing and the 9th International Joint Conference on Natural Language Processing (EMNLP-IJCNLP)},
    pages={3643--3649},
    year={2019}
}
@inproceedings{Nguyen2020,
    title     	= {{A Pilot Study of Text-to-SQL Semantic Parsing for Vietnamese}},
    author    	= {Anh Tuan Nguyen and Mai Hoang Dao and Dat Quoc Nguyen},
    booktitle   = {Findings of the Association for Computational Linguistics: EMNLP 2020},
    year      	= {2020},
    pages       = {4079--4085}
}
@inproceedings{SpiderPortuguese,
   author = {Marcelo Archanjo José and Fabio Gagliardi Cozman},
   doi = {10.1007/978-3-030-91699-2_35},
   isbn = {9783030916985},
   issn = {16113349},
   journal = {Lecture Notes in Computer Science (including subseries Lecture Notes in Artificial Intelligence and Lecture Notes in Bioinformatics)},
   keywords = {BART,BERTimbau,Deep learning,NL2SQL,RAT-SQL+GAP,Spider dataset},
   pages = {511-525},
   publisher = {Springer Science and Business Media Deutschland GmbH},
   title = {mRAT-SQL+GAP: A Portuguese Text-to-SQL Transformer},
   volume = {13074 LNAI},
   year = {2021},
}
@inproceedings{Bakshandaeva2022,
    title = "{PAUQ}: Text-to-{SQL} in {R}ussian",
    author = "Bakshandaeva, Daria  and
      Somov, Oleg  and
      Dmitrieva, Ekaterina  and
      Davydova, Vera  and
      Tutubalina, Elena",
    booktitle = "Findings of the Association for Computational Linguistics: EMNLP 2022",
    year = "2022",
    address = "Abu Dhabi, United Arab Emirates",
    publisher = "Association for Computational Linguistics",
    url = "https://aclanthology.org/2022.findings-emnlp.175",
    pages = "2355--2376",
}
@article{Zhong2017,
    title={Seq2SQL: Generating Structured Queries from Natural Language using Reinforcement Learning},
    author={Victor Zhong and Caiming Xiong and Richard Socher},
    year={2017},
    eprint={1709.00103},
    archivePrefix={arXiv},
    primaryClass={cs.CL},
}
@inproceedings{Yu2018spider,
    title     = {Spider: A Large-Scale Human-Labeled Dataset for Complex and Cross-Domain Semantic Parsing and Text-to-SQL Task},
    author    = {Tao Yu and Rui Zhang and Kai Yang and Michihiro Yasunaga and Dongxu Wang and Zifan Li and James Ma and Irene Li and Qingning Yao and Shanelle Roman and Zilin Zhang and Dragomir Radev},
    booktitle = {Proceedings of the 2018 Conference on Empirical Methods in Natural Language Processing},
    address   = {Brussels, Belgium},
    publisher = {Association for Computational Linguistics},
    year      = 2018
}
@inproceedings{cosql,
    title = "{C}o{SQL}: A Conversational Text-to-{SQL} Challenge Towards Cross-Domain Natural Language Interfaces to Databases",
    author = "Yu, Tao  and
      Zhang, Rui  and
      Er, Heyang  and
      Li, Suyi  and
      Xue, Eric  and
      Pang, Bo  and
      Lin, Xi Victoria  and
      Tan, Yi Chern  and
      Shi, Tianze  and
      Li, Zihan  and
      Jiang, Youxuan  and
      Yasunaga, Michihiro  and
      Shim, Sungrok  and
      Chen, Tao  and
      Fabbri, Alexander  and
      Li, Zifan  and
      Chen, Luyao  and
      Zhang, Yuwen  and
      Dixit, Shreya  and
      Zhang, Vincent  and
      Xiong, Caiming  and
      Socher, Richard  and
      Lasecki, Walter  and
      Radev, Dragomir",
    editor = "Inui, Kentaro  and
      Jiang, Jing  and
      Ng, Vincent  and
      Wan, Xiaojun",
    booktitle = "Proceedings of the 2019 Conference on Empirical Methods in Natural Language Processing and the 9th International Joint Conference on Natural Language Processing (EMNLP-IJCNLP)",
    year = "2019",
    address = "Hong Kong, China",
    publisher = "Association for Computational Linguistics",
    url = "https://aclanthology.org/D19-1204",
    doi = "10.18653/v1/D19-1204",
    pages = "1962--1979",
}
@inproceedings{Gan2021spidersyn,
    title = "Towards Robustness of Text-to-{SQL} Models against Synonym Substitution",
    author = "Gan, Yujian  and
      Chen, Xinyun  and
      Huang, Qiuping  and
      Purver, Matthew  and
      Woodward, John R.  and
      Xie, Jinxia  and
      Huang, Pengsheng",
    year = "2021",
    address = "Online",
    publisher = "Association for Computational Linguistics",
    url = "https://aclanthology.org/2021.acl-long.195",
    doi = "10.18653/v1/2021.acl-long.195",
    pages = "2505--2515",
}
@article{liu2022overview,
  title={Overview of named entity recognition},
  author={Liu, Xing and Chen, Huiqin and Xia, Wangui},
  journal={Journal of Contemporary Educational Research},
  volume={6},
  number={5},
  pages={65--68},
  year={2022}
}
@article{Gan2021spiderdk,
    title={Exploring Underexplored Limitations of Cross-Domain Text-to-SQL Generalization}, 
    author={Yujian Gan and Xinyun Chen and Matthew Purver},
    year={2021},
    eprint={2109.05157},
    archivePrefix={arXiv},
    primaryClass={cs.CL}
}
@article{Chang2023,
    title={Dr.Spider: A Diagnostic Evaluation Benchmark towards Text-to-SQL Robustness}, 
    author={Shuaichen Chang and Jun Wang and Mingwen Dong and Lin Pan and Henghui Zhu and Alexander Hanbo Li and Wuwei Lan and Sheng Zhang and Jiarong Jiang and Joseph Lilien and Steve Ash and William Yang Wang and Zhiguo Wang and Vittorio Castelli and Patrick Ng and Bing Xiang},
    year={2023},
    eprint={2301.08881},
    archivePrefix={arXiv},
    primaryClass={cs.CL}
}
@InProceedings{sparc,
    title     = {SParC: Cross-Domain Semantic Parsing in Context},
    author    = {Tao Yu and Rui Zhang and Michihiro Yasunaga and Yi Chern Tan and Xi Victoria Lin and Suyi Li and Heyang Er, Irene Li and Bo Pang and Tao Chen and Emily Ji and Shreya Dixit and David Proctor and Sungrok Shim and Jonathan Kraft, Vincent Zhang and Caiming Xiong and Richard Socher and Dragomir Radev},
    booktitle = {Proceedings of the 57th Annual Meeting of the Association for Computational Linguistics},
    year      = {2019},
    address   = {Florence, Italy},
    publisher = {Association for Computational Linguistics}
}
@inproceedings{shi-etal-2022-xricl,
    title = "{XRICL}: Cross-lingual Retrieval-Augmented In-Context Learning for Cross-lingual Text-to-{SQL} Semantic Parsing",
    author = "Shi, Peng  and
      Zhang, Rui  and
      Bai, He  and
      Lin, Jimmy",
    editor = "Goldberg, Yoav  and
      Kozareva, Zornitsa  and
      Zhang, Yue",
    booktitle = "Findings of the Association for Computational Linguistics: EMNLP 2022",
    year = "2022",
    address = "Abu Dhabi, United Arab Emirates",
    publisher = "Association for Computational Linguistics",
    url = "https://aclanthology.org/2022.findings-emnlp.384",
    doi = "10.18653/v1/2022.findings-emnlp.384",
    pages = "5248--5259",
}
@article{mitra2023orca,
    title={Orca 2: Teaching Small Language Models How to Reason}, 
    author={Arindam Mitra and Luciano Del Corro and Shweti Mahajan and Andres Codas and Clarisse Simoes and Sahaj Agarwal and Xuxi Chen and Anastasia Razdaibiedina and Erik Jones and Kriti Aggarwal and Hamid Palangi and Guoqing Zheng and Corby Rosset and Hamed Khanpour and Ahmed Awadallah},
    year={2023},
    eprint={2311.11045},
    archivePrefix={arXiv},
    primaryClass={cs.AI}
}
@inproceedings{Dou2022,
    title={MultiSpider: Towards Benchmarking Multilingual Text-to-SQL Semantic Parsing},
    author={Longxu Dou and Yan Gao and Mingyang Pan and Dingzirui Wang and Wanxiang Che and Dechen Zhan and Jian-Guang Lou},
    booktitle={AAAI Conference on Artificial Intelligence},
    year={2023},
    url={https://ojs.aaai.org/index.php/AAAI/article/view/26499/26271}
}
@inproceedings{klein-etal-2017-opennmt,
    title = "{O}pen{NMT}: Open-Source Toolkit for Neural Machine Translation",
    author = "Klein, Guillaume  and
      Kim, Yoon  and
      Deng, Yuntian  and
      Senellart, Jean  and
      Rush, Alexander",
    editor = "Bansal, Mohit  and
      Ji, Heng",
    booktitle = "Proceedings of {ACL} 2017, System Demonstrations",
    year = "2017",
    address = "Vancouver, Canada",
    publisher = "Association for Computational Linguistics",
    url = "https://aclanthology.org/P17-4012",
    pages = "67--72",
}
@article{klein2018opennmt,
    title={OpenNMT: Neural Machine Translation Toolkit}, 
    author={Guillaume Klein and Yoon Kim and Yuntian Deng and Vincent Nguyen and Jean Senellart and Alexander M. Rush},
    year={2018},
    eprint={1805.11462},
    archivePrefix={arXiv},
    primaryClass={cs.CL}
}
@inproceedings{klein-etal-2020-opennmt,
    title = "The {O}pen{NMT} Neural Machine Translation Toolkit: 2020 Edition",
    author = "Klein, Guillaume  and
      Hernandez, Fran{\c{c}}ois  and
      Nguyen, Vincent  and
      Senellart, Jean",
    editor = "Denkowski, Michael  and
      Federmann, Christian",
    booktitle = "Proceedings of the 14th Conference of the Association for Machine Translation in the Americas (Volume 1: Research Track)",
    year = "2020",
    address = "Virtual",
    publisher = "Association for Machine Translation in the Americas",
    url = "https://aclanthology.org/2020.amta-research.9",
    pages = "102--109",
}
@article{bogoychev2021translatelocally,
    title={TranslateLocally: Blazing-fast translation running on the local CPU}, 
    author={Nikolay Bogoychev and Jelmer Van der Linde and Kenneth Heafield},
    year={2021},
    eprint={2109.10194},
    archivePrefix={arXiv},
    primaryClass={cs.CL}
}
@article{zhong2017seq2sql,
    title={Seq2SQL: Generating Structured Queries from Natural Language using Reinforcement Learning}, 
    author={Victor Zhong and Caiming Xiong and Richard Socher},
    year={2017},
    eprint={1709.00103},
    archivePrefix={arXiv},
    primaryClass={cs.CL}
}
@article{xu2017sqlnet,
    title={SQLNet: Generating Structured Queries From Natural Language Without Reinforcement Learning}, 
    author={Xiaojun Xu and Chang Liu and Dawn Song},
    year={2017},
    eprint={1711.04436},
    archivePrefix={arXiv},
    primaryClass={cs.CL}
}
@article{church2017word2vec,
    title={Word2Vec},
    author={Church, Kenneth Ward},
    journal={Natural Language Engineering},
    volume={23},
    number={1},
    pages={155--162},
    year={2017},
    publisher={Cambridge University Press}
}
@inproceedings{Pennington2014,
    title = "{G}lo{V}e: Global Vectors for Word Representation",
    author = "Pennington, Jeffrey  and
      Socher, Richard  and
      Manning, Christopher",
    editor = "Moschitti, Alessandro  and
      Pang, Bo  and
      Daelemans, Walter",
    booktitle = "Proceedings of the 2014 Conference on Empirical Methods in Natural Language Processing ({EMNLP})",
    year = "2014",
    address = "Doha, Qatar",
    publisher = "Association for Computational Linguistics",
    url = "https://aclanthology.org/D14-1162",
    doi = "10.3115/v1/D14-1162",
    pages = "1532--1543",
}
@inproceedings{Devlin2019,
    title = "{BERT}: Pre-training of Deep Bidirectional Transformers for Language Understanding",
    author = "Devlin, Jacob  and
      Chang, Ming-Wei  and
      Lee, Kenton  and
      Toutanova, Kristina",
    editor = "Burstein, Jill  and
      Doran, Christy  and
      Solorio, Thamar",
    booktitle = "Proceedings of the 2019 Conference of the North {A}merican Chapter of the Association for Computational Linguistics: Human Language Technologies, Volume 1 (Long and Short Papers)",
    year = "2019",
    address = "Minneapolis, Minnesota",
    publisher = "Association for Computational Linguistics",
    url = "https://aclanthology.org/N19-1423",
    doi = "10.18653/v1/N19-1423",
    pages = "4171--4186",
}
@inproceedings{Guo2019,
    title = "Towards Complex Text-to-{SQL} in Cross-Domain Database with Intermediate Representation",
    author = "Guo, Jiaqi  and
      Zhan, Zecheng  and
      Gao, Yan  and
      Xiao, Yan  and
      Lou, Jian-Guang  and
      Liu, Ting  and
      Zhang, Dongmei",
    editor = "Korhonen, Anna  and
      Traum, David  and
      M{\`a}rquez, Llu{\'\i}s",
    booktitle = "Proceedings of the 57th Annual Meeting of the Association for Computational Linguistics",
    year = "2019",
    address = "Florence, Italy",
    publisher = "Association for Computational Linguistics",
    url = "https://aclanthology.org/P19-1444",
    doi = "10.18653/v1/P19-1444",
    pages = "4524--4535",
}
@inproceedings{Lin2020,
    title = "Bridging Textual and Tabular Data for Cross-Domain Text-to-{SQL} Semantic Parsing",
    author = "Lin, Xi Victoria  and
      Socher, Richard  and
      Xiong, Caiming",
    editor = "Cohn, Trevor  and
      He, Yulan  and
      Liu, Yang",
    booktitle = "Findings of the Association for Computational Linguistics: EMNLP 2020",
    year = "2020",
    address = "Online",
    publisher = "Association for Computational Linguistics",
    url = "https://aclanthology.org/2020.findings-emnlp.438",
    doi = "10.18653/v1/2020.findings-emnlp.438",
    pages = "4870--4888",
}
@article{graphix-t5,
    title={Graphix-T5: Mixing Pre-trained Transformers with Graph-Aware Layers for Text-to-SQL Parsing},
    volume={37},
    url={https://ojs.aaai.org/index.php/AAAI/article/view/26536},
    DOI={10.1609/aaai.v37i11.26536},
    number={11},
    journal={Proceedings of the AAAI Conference on Artificial Intelligence},
    author={Li, Jinyang and Hui, Binyuan and Cheng, Reynold and Qin, Bowen and Ma, Chenhao and Huo, Nan and Huang, Fei and Du, Wenyu and Si, Luo and Li, Yongbin},
    year={2023},
    month={5},
    pages={13076-13084} 
}
@inproceedings{Wang2019,
    title = "{RAT-SQL}: Relation-Aware Schema Encoding and Linking for Text-to-{SQL} Parsers",
    author = "Wang, Bailin  and
      Shin, Richard  and
      Liu, Xiaodong  and
      Polozov, Oleksandr  and
      Richardson, Matthew",
    editor = "Jurafsky, Dan  and
      Chai, Joyce  and
      Schluter, Natalie  and
      Tetreault, Joel",
    booktitle = "Proceedings of the 58th Annual Meeting of the Association for Computational Linguistics",
    year = "2020",
    address = "Online",
    publisher = "Association for Computational Linguistics",
    url = "https://aclanthology.org/2020.acl-main.677",
    doi = "10.18653/v1/2020.acl-main.677",
    pages = "7567--7578",
}
@inproceedings{NIPS2017_3f5ee243,
    author = {Vaswani, Ashish and Shazeer, Noam and Parmar, Niki and Uszkoreit, Jakob and Jones, Llion and Gomez, Aidan N and Kaiser, \L ukasz and Polosukhin, Illia},
    booktitle = {Advances in Neural Information Processing Systems},
    editor = {I. Guyon and U. Von Luxburg and S. Bengio and H. Wallach and R. Fergus and S. Vishwanathan and R. Garnett},
    pages = {},
    publisher = {Curran Associates, Inc.},
    title = {Attention is All you Need},
    volume = {30},
    year = {2017}
}
@inproceedings{yu-etal-2018-typesql,
    title = "{T}ype{SQL}: Knowledge-Based Type-Aware Neural Text-to-{SQL} Generation",
    author = "Yu, Tao  and
      Li, Zifan  and
      Zhang, Zilin  and
      Zhang, Rui  and
      Radev, Dragomir",
    editor = "Walker, Marilyn  and
      Ji, Heng  and
      Stent, Amanda",
    booktitle = "Proceedings of the 2018 Conference of the North {A}merican Chapter of the Association for Computational Linguistics: Human Language Technologies, Volume 2 (Short Papers)",
    year = "2018",
    address = "New Orleans, Louisiana",
    publisher = "Association for Computational Linguistics",
    url = "https://aclanthology.org/N18-2093",
    doi = "10.18653/v1/N18-2093",
    pages = "588--594",
}
@inproceedings{ma-etal-2020-mention,
    title = "Mention Extraction and Linking for {SQL} Query Generation",
    author = "Ma, Jianqiang  and
      Yan, Zeyu  and
      Pang, Shuai  and
      Zhang, Yang  and
      Shen, Jianping",
    editor = "Webber, Bonnie  and
      Cohn, Trevor  and
      He, Yulan  and
      Liu, Yang",
    booktitle = "Proceedings of the 2020 Conference on Empirical Methods in Natural Language Processing (EMNLP)",
    year = "2020",
    address = "Online",
    publisher = "Association for Computational Linguistics",
    url = "https://aclanthology.org/2020.emnlp-main.563",
    doi = "10.18653/v1/2020.emnlp-main.563",
    pages = "6936--6942",
}
@article{lstm-review-2019,
    author={Yu, Yong and Si, Xiaosheng and Hu, Changhua and Zhang, Jianxun},
    journal={Neural Computation}, 
    title={A Review of Recurrent Neural Networks: LSTM Cells and Network Architectures}, 
    year={2019},
    volume={31},
    number={7},
    pages={1235-1270},
    doi={10.1162/neco_a_01199}
}
@article{Raffel2019,
    author = {Raffel, Colin and Shazeer, Noam and Roberts, Adam and Lee, Katherine and Narang, Sharan and Matena, Michael and Zhou, Yanqi and Li, Wei and Liu, Peter J.},
    title = {Exploring the limits of transfer learning with a unified text-to-text transformer},
    year = {2020},
    issue_date = {January 2020},
    publisher = {JMLR.org},
    volume = {21},
    number = {1},
    issn = {1532-4435},
    journal = {J. Mach. Learn. Res.},
    articleno = {140},
    numpages = {67},
    keywords = {transfer learning, natural language processing, multi-task learning, attention based models, deep learning}
}
@article{SurveyDL,
    author = {Katsogiannis-Meimarakis, George and Koutrika, Georgia},
    title = {A survey on deep learning approaches for text-to-SQL},
    year = {2023},
    issue_date = {Jul 2023},
    publisher = {Springer-Verlag},
    address = {Berlin, Heidelberg},
    volume = {32},
    number = {4},
    issn = {1066-8888},
    url = {https://doi.org/10.1007/s00778-022-00776-8},
    doi = {10.1007/s00778-022-00776-8},
    journal = {The VLDB Journal},
    month = {1},
    pages = {905–936},
    numpages = {32},
    keywords = {Natural language interface for databases, Natural language processing, Deep learning, Text-to-SQL}
}
@inproceedings{Katsogiannis2021,
    author = {Katsogiannis-Meimarakis, George and Koutrika, Georgia},
    title = {A Deep Dive into Deep Learning Approaches for Text-to-SQL Systems},
    year = {2021},
    isbn = {9781450383431},
    publisher = {Association for Computing Machinery},
    address = {New York, NY, USA},
    url = {https://doi.org/10.1145/3448016.3457543},
    doi = {10.1145/3448016.3457543},
    booktitle = {Proceedings of the 2021 International Conference on Management of Data},
    pages = {2846–2851},
    numpages = {6},
    keywords = {deep learning, text-to-SQL},
    location = {Virtual Event, China},
    series = {SIGMOD '21}
}
@inproceedings{Li2023resdsql,
    author = {Li, Haoyang and Zhang, Jing and Li, Cuiping and Chen, Hong},
    title = {RESDSQL: decoupling schema linking and skeleton parsing for text-to-SQL},
    year = {2023},
    isbn = {978-1-57735-880-0},
    publisher = {AAAI Press},
    url = {https://doi.org/10.1609/aaai.v37i11.26535},
    doi = {10.1609/aaai.v37i11.26535},
    booktitle = {Proceedings of the Thirty-Seventh AAAI Conference on Artificial Intelligence and Thirty-Fifth Conference on Innovative Applications of Artificial Intelligence and Thirteenth Symposium on Educational Advances in Artificial Intelligence},
    articleno = {1466},
    numpages = {9},
    series = {AAAI'23/IAAI'23/EAAI'23}
}
@inproceedings{Gan2021natsql,
    title = "Natural {SQL}: Making {SQL} Easier to Infer from Natural Language Specifications",
    author = "Gan, Yujian  and
      Chen, Xinyun  and
      Xie, Jinxia  and
      Purver, Matthew  and
      Woodward, John R.  and
      Drake, John  and
      Zhang, Qiaofu",
    booktitle = "Findings of the Association for Computational Linguistics: EMNLP 2021",
    year = "2021",
    address = "Punta Cana, Dominican Republic",
    publisher = "Association for Computational Linguistics",
    url = "https://aclanthology.org/2021.findings-emnlp.174",
    doi = "10.18653/v1/2021.findings-emnlp.174",
    pages = "2030--2042",
}
@inproceedings{Xue2020,
    title = "m{T}5: A Massively Multilingual Pre-trained Text-to-Text Transformer",
    author = "Xue, Linting  and
      Constant, Noah  and
      Roberts, Adam  and
      Kale, Mihir  and
      Al-Rfou, Rami  and
      Siddhant, Aditya  and
      Barua, Aditya  and
      Raffel, Colin",
    editor = "Toutanova, Kristina  and
      Rumshisky, Anna  and
      Zettlemoyer, Luke  and
      Hakkani-Tur, Dilek  and
      Beltagy, Iz  and
      Bethard, Steven  and
      Cotterell, Ryan  and
      Chakraborty, Tanmoy  and
      Zhou, Yichao",
    booktitle = "Proceedings of the 2021 Conference of the North American Chapter of the Association for Computational Linguistics: Human Language Technologies",
    year = "2021",
    address = "Online",
    publisher = "Association for Computational Linguistics",
    url = "https://aclanthology.org/2021.naacl-main.41",
    doi = "10.18653/v1/2021.naacl-main.41",
    pages = "483--498",
}
@article{overfitting2004,
    author = {Hawkins, Douglas M.},
    title = {The Problem of Overfitting},
    journal = {Journal of Chemical Information and Computer Sciences},
    volume = {44},
    number = {1},
    pages = {1-12},
    year = {2004},
    doi = {10.1021/ci0342472},
    URL = {https://doi.org/10.1021/ci0342472},
    eprint = {https://doi.org/10.1021/ci0342472}
}
@article{Dong2023,
    title={C3: Zero-shot Text-to-SQL with ChatGPT}, 
    author={Xuemei Dong and Chao Zhang and Yuhang Ge and Yuren Mao and Yunjun Gao and lu Chen and Jinshu Lin and Dongfang Lou},
    year={2023},
    eprint={2307.07306},
    archivePrefix={arXiv},
    primaryClass={cs.CL}
}
@article{Wang2022Consistency,
   author = {Xuezhi Wang and Jason Wei and Dale Schuurmans and Quoc Le and Ed Chi and Sharan Narang and Aakanksha Chowdhery and Denny Zhou},
   title = {Self-Consistency Improves Chain of Thought Reasoning in Language Models},
   url = {http://arxiv.org/abs/2203.11171},
   year = {2022},
}
@article{Yang2023,
      title={Rethinking Benchmark and Contamination for Language Models with Rephrased Samples}, 
      author={Shuo Yang and Wei-Lin Chiang and Lianmin Zheng and Joseph E. Gonzalez and Ion Stoica},
      year={2023},
      eprint={2311.04850},
      archivePrefix={arXiv},
      primaryClass={cs.CL}
}
@inproceedings{Brown2020,
    author = {Brown, Tom and Mann, Benjamin and Ryder, Nick and Subbiah, Melanie and Kaplan, Jared D and Dhariwal, Prafulla and Neelakantan, Arvind and Shyam, Pranav and Sastry, Girish and Askell, Amanda and Agarwal, Sandhini and Herbert-Voss, Ariel and Krueger, Gretchen and Henighan, Tom and Child, Rewon and Ramesh, Aditya and Ziegler, Daniel and Wu, Jeffrey and Winter, Clemens and Hesse, Chris and Chen, Mark and Sigler, Eric and Litwin, Mateusz and Gray, Scott and Chess, Benjamin and Clark, Jack and Berner, Christopher and McCandlish, Sam and Radford, Alec and Sutskever, Ilya and Amodei, Dario},
    booktitle = {Advances in Neural Information Processing Systems},
    editor = {H. Larochelle and M. Ranzato and R. Hadsell and M.F. Balcan and H. Lin},
    pages = {1877--1901},
    publisher = {Curran Associates, Inc.},
    title = {Language Models are Few-Shot Learners},
    url = {https://proceedings.neurips.cc/paper_files/paper/2020/file/1457c0d6bfcb4967418bfb8ac142f64a-Paper.pdf},
    volume = {33},
    year = {2020}
}
@article{noune20228bit,
    title={8-bit Numerical Formats for Deep Neural Networks}, 
    author={Badreddine Noune and Philip Jones and Daniel Justus and Dominic Masters and Carlo Luschi},
    year={2022},
    eprint={2206.02915},
    archivePrefix={arXiv},
    primaryClass={cs.LG}
}
@article{perez2023training,
    title={Training and inference of large language models using 8-bit floating point}, 
    author={Sergio P. Perez and Yan Zhang and James Briggs and Charlie Blake and Josh Levy-Kramer and Paul Balanca and Carlo Luschi and Stephen Barlow and Andrew William Fitzgibbon},
    year={2023},
    eprint={2309.17224},
    archivePrefix={arXiv},
    primaryClass={cs.LG}
}
@article{Bahasa2023,
   author = {Jurnal Bahasa and Tira Nur Fitria},
   doi = {10.30603/al.v8i2.3442},
   issn = {2442-8973},
   issue = {2},
   journal = {Analysis of Translation Result. Al-Lisan: Jurnal Bahasa (e-Journal)},
   keywords = {Microsoft,microsoft word,translation,translation analysis},
   pages = {115},
   title = {Performance of Google Translate, Microsoft Translator, and DeepL Translator: Error Analysis of Translation Result},
   volume = {8},
   year = {2023},
}
@article{Gunasekar2023,
    title={Textbooks Are All You Need}, 
    author={Suriya Gunasekar and Yi Zhang and Jyoti Aneja and Caio César Teodoro Mendes and Allie Del Giorno and Sivakanth Gopi and Mojan Javaheripi and Piero Kauffmann and Gustavo de Rosa and Olli Saarikivi and Adil Salim and Shital Shah and Harkirat Singh Behl and Xin Wang and Sébastien Bubeck and Ronen Eldan and Adam Tauman Kalai and Yin Tat Lee and Yuanzhi Li},
    year={2023},
    eprint={2306.11644},
    archivePrefix={arXiv},
    primaryClass={cs.CL}
}
@InProceedings{Ling2003,
    author="Ling, Charles X. and Huang, Jin and Zhang, Harry",
    editor="Xiang, Yang and Chaib-draa, Brahim",
    title="AUC: A Better Measure than Accuracy in Comparing Learning Algorithms",
    booktitle="Advances in Artificial Intelligence",
    year="2003",
    publisher="Springer Berlin Heidelberg",
    address="Berlin, Heidelberg",
    pages="329--341",
    isbn="978-3-540-44886-0"
}
@inproceedings{Openai2018,
    title={Improving Language Understanding by Generative Pre-Training},
    author={Alec Radford and Karthik Narasimhan},
    year={2018},
    url={https://api.semanticscholar.org/CorpusID:49313245}
}
@article{Ternero2021,
    author = {Carlos Manuel Hidalgo-Ternero},
    doi = {10.6035/MONTI.2020.NE6.5},
    issn = {19899335},
    issue = {Especial 6},
    journal = {Monografias de Traduccion e Interpretacion (MonTI)},
    keywords = {Discontinuity,Neural machine translation,Phraseological variation,Somatisms},
    pages = {154-177},
    publisher = {Universidad de Alicante},
    title = {Google Translate vs. DeepL: Analysing neural machine translation performance under the challenge of phraseological variation},
    year = {2021},
}
@inproceedings{Vinyals2015,
    author = {Vinyals, Oriol and Fortunato, Meire and Jaitly, Navdeep},
    booktitle = {Advances in Neural Information Processing Systems},
    editor = {C. Cortes and N. Lawrence and D. Lee and M. Sugiyama and R. Garnett},
    publisher = {Curran Associates, Inc.},
    title = {Pointer Networks},
    url = {https://proceedings.neurips.cc/paper_files/paper/2015/file/29921001f2f04bd3baee84a12e98098f-Paper.pdf},
    volume = {28},
    year = {2015}
}
@article{Yulianto2021,
    author = {Ahmad Yulianto and Rina Supriatnaningsih},
    doi = {10.37134/ajelp.vol9.2.9.2021},
    issue = {2},
    journal = {AJELP: Asian Journal of English Language and Pedagogy},
    keywords = {assessment,evaluation,human text,machine translation,metric},
    pages = {109-127},
    publisher = {APA},
    title = {Google Translate vs. DeepL: A quantitative evaluation of close-language pair translation},
    volume = {9},
    year = {2021},
}