@article{Quamar2022NaturalInterfacesBook,
   title={Natural language interfaces to data},
   author={Quamar, Abdul and Efthymiou, Vasilis and Lei, Chuan and {\"O}zcan, Fatma and others},
   doi = {10.1561/1900000078},
   issn = {1931-7883},
   journal={Foundations and Trends in Databases},
   volume={11},
   number={4},
   pages={319--414},
   year={2022},
   publisher={Now Publishers, Inc.}
}
@article{Zhong2017,
   author = {Victor Zhong and Caiming Xiong and Richard Socher},
   month = {8},
   title = {Seq2SQL: Generating Structured Queries from Natural Language using Reinforcement Learning},
   journal={arXiv preprint arXiv:1709.00103},
   url = {http://arxiv.org/abs/1709.00103},
   year = {2017},
}
@article{Yu2018spider,
    author = {Tao Yu and Rui Zhang and Kai Yang and Michihiro Yasunaga and Dongxu Wang and Zifan Li and James Ma and Irene Li and Qingning Yao and Shanelle Roman and Zilin Zhang and Dragomir Radev},
    month = {9},
    title = {Spider: A Large-Scale Human-Labeled Dataset for Complex and Cross-Domain Semantic Parsing and Text-to-SQL Task},
    journal={arXiv preprint arXiv:1809.08887},
    url = {http://arxiv.org/abs/1809.08887},
    year = {2018},
}
