@article{Chen2023,
   author = {Ziru Chen and Shijie Chen and Michael White and Raymond Mooney and Ali Payani and Jayanth Srinivasa and Yu Su and Huan Sun},
   month = {5},
   title = {Text-to-SQL Error Correction with Language Models of Code},
   url = {http://arxiv.org/abs/2305.13073},
   year = {2023},
}
@article{Li2023Bird,
   author = {Jinyang Li and Binyuan Hui and Ge Qu and Binhua Li and Jiaxi Yang and Bowen Li and Bailin Wang and Bowen Qin and Rongyu Cao and Ruiying Geng and Nan Huo and Xuanhe Zhou and Chenhao Ma and Guoliang Li and Kevin C. C. Chang and Fei Huang and Reynold Cheng and Yongbin Li},
   month = {5},
   title = {Can LLM Already Serve as A Database Interface? A BIg Bench for Large-Scale Database Grounded Text-to-SQLs},
   url = {http://arxiv.org/abs/2305.03111},
   year = {2023},
}
@article{Dong2023,
   author = {Xuemei Dong and Chao Zhang and Yuhang Ge and Yuren Mao and Yunjun Gao and lu Chen and Jinshu Lin and Dongfang Lou},
   month = {7},
   title = {C3: Zero-shot Text-to-SQL with ChatGPT},
   url = {http://arxiv.org/abs/2307.07306},
   year = {2023},
}
@inproceedings{Fu2023,
   author = {Han Fu and Feifei Li and Chang Liu and Jian Tan and Bin Wu and Jianling Sun},
   doi = {10.14778/3583140.3583165},
   issn = {21508097},
   issue = {6},
   journal = {Proceedings of the VLDB Endowment},
   pages = {1534-1547},
   publisher = {VLDB Endowment},
   title = {CatSQL: Towards Real World Natural Language to SQL Applications},
   volume = {16},
   year = {2023},
}
@misc{Guo2021,
   author = {Jiaqi Guo and Ziliang Si and Yu Wang and Qian Liu and Ming Fan and Jian-Guang Lou and Zijiang Yang and Ting Liu},
   pages = {2316-2331},
   title = {CHASE: A Large-Scale and Pragmatic Chinese Dataset for Cross-Database Context-Dependent Text-to-SQL},
   url = {https://xjtu-intsoft.github.io/chase.},
   year = {2021},
}
@misc{Speer2012,
   author = {Robert Speer and Catherine Havasi},
   keywords = {ConceptNet,common sense,semantic networks},
   title = {Representing General Relational Knowledge in ConceptNet 5},
   year = {2012},
}
@article{Quamar2022DataInterfaces,
   author = {Abdul Quamar and Vasilis Efthymiou and Chuan Lei and Fatma Özcan},
   doi = {10.1561/1900000078},
   issn = {1931-7883},
   issue = {4},
   journal = {Foundations and Trends® in Databases},
   pages = {319-414},
   publisher = {Now Publishers},
   title = {Natural Language Interfaces to Data},
   volume = {11},
   year = {2022},
}
@article{Usta2021,
   author = {Arif Usta and Akifhan Karakayali and Özgür Ulusoy},
   doi = {10.14778/3446095.3446103},
   issn = {21508097},
   issue = {5},
   journal = {Proceedings of the VLDB Endowment},
   pages = {813-821},
   publisher = {VLDB Endowment},
   title = {DBTagger: Multi-task learning for keyword mapping in NLIDBs using bi-directional recurrent neural networks},
   volume = {14},
   year = {2021},
}
@article{Pourreza2023,
   author = {Mohammadreza Pourreza and Davood Rafiei},
   month = {4},
   title = {DIN-SQL: Decomposed In-Context Learning of Text-to-SQL with Self-Correction},
   url = {http://arxiv.org/abs/2304.11015},
   year = {2023},
}
@article{Zhang2019,
   author = {Rui Zhang and Tao Yu and He Yang Er and Sungrok Shim and Eric Xue and Xi Victoria Lin and Tianze Shi and Caiming Xiong and Richard Socher and Dragomir Radev},
   month = {9},
   title = {Editing-Based SQL Query Generation for Cross-Domain Context-Dependent Questions},
   url = {http://arxiv.org/abs/1909.00786},
   year = {2019},
}
@article{Clark2020,
   author = {Kevin Clark and Minh-Thang Luong and Quoc V. Le and Christopher D. Manning},
   month = {3},
   title = {ELECTRA: Pre-training Text Encoders as Discriminators Rather Than Generators},
   url = {http://arxiv.org/abs/2003.10555},
   year = {2020},
}
@misc{Shi2021,
   author = {Peng Shi and Patrick Ng and Zhiguo Wang and Henghui Zhu and Alexander Hanbo Li and Jun Wang and Cicero Nogueira dos Santos and Bing Xiang},
   keywords = {Speech & Natural Language Processing: Lexical & Frame Semantics & Semantic Parsing},
   title = {Learning Contextual Representations for Semantic Parsing with Generation-Augmented Pre-Training},
   url = {www.aaai.org},
   year = {2021},
}
@article{Zhong2020,
   author = {Victor Zhong and Mike Lewis and Sida I. Wang and Luke Zettlemoyer},
   month = {9},
   title = {Grounded Adaptation for Zero-shot Executable Semantic Parsing},
   url = {http://arxiv.org/abs/2009.07396},
   year = {2020},
}
@article{Lin2019,
   author = {Kevin Lin and Ben Bogin and Mark Neumann and Jonathan Berant and Matt Gardner},
   month = {5},
   title = {Grammar-based Neural Text-to-SQL Generation},
   url = {http://arxiv.org/abs/1905.13326},
   year = {2019},
}
@article{Li2023GraphixT5,
   author = {Jinyang Li and Binyuan Hui and Reynold Cheng and Bowen Qin and Chenhao Ma and Nan Huo and Fei Huang and Wenyu Du and Luo Si and Yongbin Li},
   month = {1},
   title = {Graphix-T5: Mixing Pre-Trained Transformers with Graph-Aware Layers for Text-to-SQL Parsing},
   url = {http://arxiv.org/abs/2301.07507},
   year = {2023},
}
@article{Yu2020,
   author = {Tao Yu and Chien-Sheng Wu and Xi Victoria Lin and Bailin Wang and Yi Chern Tan and Xinyi Yang and Dragomir Radev and Richard Socher and Caiming Xiong},
   month = {9},
   title = {GraPPa: Grammar-Augmented Pre-Training for Table Semantic Parsing},
   url = {http://arxiv.org/abs/2009.13845},
   year = {2020},
}
@article{Lyu2020,
   author = {Qin Lyu and Kaushik Chakrabarti and Shobhit Hathi and Souvik Kundu and Jianwen Zhang and Zheng Chen},
   month = {8},
   title = {Hybrid Ranking Network for Text-to-SQL},
   url = {http://arxiv.org/abs/2008.04759},
   year = {2020},
}
@article{Lee2021,
   author = {Chia-Hsuan Lee and Oleksandr Polozov and Matthew Richardson},
   month = {6},
   title = {KaggleDBQA: Realistic Evaluation of Text-to-SQL Parsers},
   url = {http://arxiv.org/abs/2106.11455},
   year = {2021},
}
@article{Cao2021,
   author = {Ruisheng Cao and Lu Chen and Zhi Chen and Yanbin Zhao and Su Zhu and Kai Yu},
   month = {6},
   title = {LGESQL: Line Graph Enhanced Text-to-SQL Model with Mixed Local and Non-Local Relations},
   url = {http://arxiv.org/abs/2106.01093},
   year = {2021},
}
@article{Cui2022,
   author = {Ruixiang Cui and Rahul Aralikatte and Heather Lent and Daniel Hershcovich},
   doi = {10.1162/tacl},
   title = {Compositional Generalization in Multilingual Semantic Parsing over Wikidata},
   url = {https://doi.org/10.1162/tacl},
   year = {2022},
}
@article{Wang2020,
   author = {Bailin Wang and Mirella Lapata and Ivan Titov},
   month = {10},
   title = {Meta-Learning for Domain Generalization in Semantic Parsing},
   url = {http://arxiv.org/abs/2010.11988},
   year = {2020},
}
@misc{Gan2020,
   author = {Yujian Gan and Matthew Purver and John R Woodward},
   pages = {108-115},
   title = {A Review of Cross-Domain Text-to-SQL Models},
   year = {2020},
}
@misc{Visperas2023,
   author = {Moses Visperas and Aunhel John Adoptante and Christalline Joie Borjal and Ma Teresita Abia and Jasper Kyle Catapang and Elmer Peramo},
   keywords = {Index Terms-text-to-SQL,NLIDB,natural language processing,natural language query,semantic parsing},
   title = {On Modern Text-to-SQL Semantic Parsing Methodologies for Natural Language Interface to Databases: A Comparative Study},
   year = {2023},
}
@article{Li2020,
   author = {Haoran Li and Abhinav Arora and Shuohui Chen and Anchit Gupta and Sonal Gupta and Yashar Mehdad},
   month = {8},
   title = {MTOP: A Comprehensive Multilingual Task-Oriented Semantic Parsing Benchmark},
   url = {http://arxiv.org/abs/2008.09335},
   year = {2020},
}
@article{Zeng2022,
   author = {Lu Zeng and Sree Hari Krishnan Parthasarathi and Dilek Hakkani-Tur},
   month = {10},
   title = {N-Best Hypotheses Reranking for Text-To-SQL Systems},
   url = {http://arxiv.org/abs/2210.10668},
   year = {2022},
}
@article{Gan2021natsql,
  title={Natural SQL: Making SQL easier to infer from natural language specifications},
  author={Gan, Yujian and Chen, Xinyun and Xie, Jinxia and Purver, Matthew and Woodward, John R and Drake, John and Zhang, Qiaofu},
  journal={arXiv preprint arXiv:2109.05153},
  year={2021}
}
@article{Kim2020,
   author = {Hyeonji Kim and Byeong Hoon So and Wook Shin Han and Hongrae Lee},
   doi = {10.14778/3401960.3401970},
   issn = {21508097},
   issue = {10},
   journal = {Proceedings of the VLDB Endowment},
   month = {6},
   pages = {1737-1750},
   publisher = {VLDB Endowment},
   title = {Natural language to SQL: Where are we today?},
   volume = {13},
   year = {2020},
}
@misc{Androutsopoulos1995,
   author = {I Androutsopoulos and G D Ritchie and P Thanisch},
   title = {Natural Language Interfaces to Databases-An Introduction *},
   year = {1995},
}
@article{Abbas2022,
   author = {Shanza Abbas and Muhammad Umair Khan and Scott Uk Jin Lee and Asad Abbas and Ali Kashif Bashir},
   doi = {10.1109/ACCESS.2022.3147586},
   issn = {21693536},
   journal = {IEEE Access},
   keywords = {NLIDB,Text to SQL,database,deep learning,natural language,natural language processing,structured language},
   pages = {14927-14945},
   publisher = {Institute of Electrical and Electronics Engineers Inc.},
   title = {A Review of NLIDB with Deep Learning: Findings, Challenges and Open Issues},
   volume = {10},
   year = {2022},
}
@misc{Iacob2020,
   author = {Radu Iacob and Florin Brad and Elena-Simona Apostol and Ciprian-Octavian Truic˘ and Ionel Hosu and Traian Rebedea},
   pages = {381-395},
   publisher = {Online},
   title = {Neural Approaches for Natural Language Interfaces to Databases: A Survey},
   year = {2020},
}
@misc{Yang2021,
   author = {Jingfeng Yang and Federico Fancellu and Bonnie Webber and Diyi Yang},
   pages = {5848-5856},
   title = {Frustratingly Simple but Surprisingly Strong: Using Language-Independent Features for Zero-shot Cross-lingual Semantic Parsing},
   url = {https://github.com/GT-SALT/},
   year = {2021},
}
@inproceedings{Borjal2023,
   author = {Christalline Joie Borjal and Moses Visperas and Aunhel John Adoptante and Ma Teresita Abia and Jasper Kyle Catapang and Elmer Peramo},
   doi = {10.1109/ICAIIC57133.2023.10066976},
   journal = {5th International Conference on Artificial Intelligence in Information and Communication, ICAIIC 2023},
   title = {Parallel Corpus Curation for Filipino Text-to-SQL Semantic Parsing},
   year = {2023},
}
@article{Scholak2021,
   author = {Torsten Scholak and Nathan Schucher and Dzmitry Bahdanau},
   month = {9},
   title = {PICARD: Parsing Incrementally for Constrained Auto-Regressive Decoding from Language Models},
   url = {http://arxiv.org/abs/2109.05093},
   year = {2021},
}
@article{Huang2021,
   author = {Junyang Huang and Yongbo Wang and Yongliang Wang and Yang Dong and Yanghua Xiao},
   month = {8},
   title = {Relation Aware Semi-autoregressive Semantic Parsing for NL2SQL},
   url = {http://arxiv.org/abs/2108.00804},
   year = {2021},
}
@article{Qi2022,
   author = {Jiexing Qi and Jingyao Tang and Ziwei He and Xiangpeng Wan and Yu Cheng and Chenghu Zhou and Xinbing Wang and Quanshi Zhang and Zhouhan Lin},
   month = {5},
   title = {RASAT: Integrating Relational Structures into Pretrained Seq2Seq Model for Text-to-SQL},
   url = {http://arxiv.org/abs/2205.06983},
   year = {2022},
}
@misc{Li2023resdsql,
   author = {Haoyang Li and Jing Zhang and Cuiping Li and Hong Chen},
   keywords = {Speech & Natural Language Processing (SNLP): SNLP: Language Models,Speech & Natural Language Processing (SNLP): SNLP: Lexical & Frame Semantics & Semantic Parsing},
   title = {RESDSQL: Decoupling Schema Linking and Skeleton Parsing for Text-to-SQL},
   url = {https://github.com/RUCKBReasoning/RESDSQL.},
   year = {2023},
}
@article{Hui2022,
   author = {Binyuan Hui and Ruiying Geng and Lihan Wang and Bowen Qin and Bowen Li and Jian Sun and Yongbin Li},
   month = {3},
   title = {S^2 SQL: Injecting Syntax to Question-Schema Interaction Graph Encoder for Text-to-SQL Parsers},
   url = {http://arxiv.org/abs/2203.06958},
   year = {2022},
}
@article{Hui2021,
   author = {Binyuan Hui and Xiang Shi and Ruiying Geng and Binhua Li and Yongbin Li and Jian Sun and Xiaodan Zhu},
   month = {3},
   title = {Improving Text-to-SQL with Schema Dependency Learning},
   url = {http://arxiv.org/abs/2103.04399},
   year = {2021},
}
@article{Xu2021,
   author = {Kuan Xu and Yongbo Wang and Yongliang Wang and Zujie Wen and Yang Dong},
   month = {5},
   title = {SeaD: End-to-end Text-to-SQL Generation with Schema-aware Denoising},
   url = {http://arxiv.org/abs/2105.07911},
   year = {2021},
}
@article{Rubin2020,
   author = {Ohad Rubin and Jonathan Berant},
   month = {10},
   title = {SmBoP: Semi-autoregressive Bottom-up Semantic Parsing},
   url = {http://arxiv.org/abs/2010.12412},
   year = {2020},
}
@article{Deng2020,
   author = {Xiang Deng and Ahmed Hassan Awadallah and Christopher Meek and Oleksandr Polozov and Huan Sun and Matthew Richardson},
   doi = {10.18653/v1/2021.naacl-main.105},
   month = {10},
   title = {Structure-Grounded Pretraining for Text-to-SQL},
   url = {http://arxiv.org/abs/2010.12773 http://dx.doi.org/10.18653/v1/2021.naacl-main.105},
   year = {2020},
}
@article{Deng2022,
   author = {Naihao Deng and Yulong Chen and Yue Zhang},
   month = {8},
   title = {Recent Advances in Text-to-SQL: A Survey of What We Have and What We Expect},
   url = {http://arxiv.org/abs/2208.10099},
   year = {2022},
}
@article{Kumar2022,
   author = {Ayush Kumar and Parth Nagarkar and Prabhav Nalhe and Sanjeev Vijayakumar},
   month = {8},
   title = {Deep Learning Driven Natural Languages Text to SQL Query Conversion: A Survey},
   url = {http://arxiv.org/abs/2208.04415},
   year = {2022},
}
@misc{SurveyDlPresentation,
   author = {George Katsogiannis-Meimarakis and Georgia Koutrika},
   title = {Deep Learning Approaches for Text-to-SQL Systems},
   year = {2023},
}
@article{Affolter2019,
   author = {Katrin Affolter and Kurt Stockinger and Abraham Bernstein},
   doi = {10.1007/s00778-019-00567-8},
   issn = {0949877X},
   issue = {5},
   journal = {VLDB Journal},
   keywords = {Natural language interfaces,Query processing,Survey},
   month = {10},
   pages = {793-819},
   publisher = {Springer New York LLC},
   title = {A comparative survey of recent natural language interfaces for databases},
   volume = {28},
   year = {2019},
}
@article{Qin2022,
   author = {Bowen Qin and Binyuan Hui and Lihan Wang and Min Yang and Jinyang Li and Binhua Li and Ruiying Geng and Rongyu Cao and Jian Sun and Luo Si and Fei Huang and Yongbin Li},
   month = {8},
   title = {A Survey on Text-to-SQL Parsing: Concepts, Methods, and Future Directions},
   url = {http://arxiv.org/abs/2208.13629},
   year = {2022},
}
@article{Li2023T5SR,
   author = {Yuntao Li and Zhenpeng Su and Yutian Li and Hanchu Zhang and Sirui Wang and Wei Wu and Yan Zhang},
   month = {6},
   title = {T5-SR: A Unified Seq-to-Seq Decoding Strategy for Semantic Parsing},
   url = {http://arxiv.org/abs/2306.08368},
   year = {2023},
}
@article{Arcadinho2022,
   author = {Samuel Arcadinho and David Aparício and Hugo Veiga and António Alegria},
   month = {9},
   title = {T5QL: Taming language models for SQL generation},
   url = {http://arxiv.org/abs/2209.10254},
   year = {2022},
}
@article{Yin2020,
   author = {Pengcheng Yin and Graham Neubig and Wen-tau Yih and Sebastian Riedel},
   month = {5},
   title = {TaBERT: Pretraining for Joint Understanding of Textual and Tabular Data},
   url = {http://arxiv.org/abs/2005.08314},
   year = {2020},
}
@article{Baig2022,
   author = {Mirza Shahzaib Baig and Azhar Imran and Amanullah Yasin and Abdul Haleem Butt and Muhammad Imran Khan},
   doi = {10.33411/ijist/2022040111},
   issn = {2618-1630},
   issue = {1},
   journal = {International Journal of Innovations in Science and Technology},
   month = {2},
   pages = {147-162},
   publisher = {50Sea},
   title = {Natural Language to SQL Queries: A Review},
   volume = {4},
   year = {2022},
}
@article{FineganDollak2018,
   author = {Catherine Finegan-Dollak and Jonathan K. Kummerfeld and Li Zhang and Karthik Ramanathan and Sesh Sadasivam and Rui Zhang and Dragomir Radev},
   doi = {10.18653/v1/P18-1033},
   month = {6},
   title = {Improving Text-to-SQL Evaluation Methodology},
   url = {http://arxiv.org/abs/1806.09029 http://dx.doi.org/10.18653/v1/P18-1033},
   year = {2018},
}
@article{Rai2023,
   author = {Daking Rai and Bailin Wang and Yilun Zhou and Ziyu Yao},
   month = {5},
   title = {Improving Generalization in Language Model-Based Text-to-SQL Semantic Parsing: Two Simple Semantic Boundary-Based Techniques},
   url = {http://arxiv.org/abs/2305.17378},
   year = {2023},
}
@article{Yu2018typesql,
   author = {Tao Yu and Zifan Li and Zilin Zhang and Rui Zhang and Dragomir Radev},
   month = {4},
   title = {TypeSQL: Knowledge-based Type-Aware Neural Text-to-SQL Generation},
   url = {http://arxiv.org/abs/1804.09769},
   year = {2018},
}
@article{Xie2022,
   author = {Tianbao Xie and Chen Henry Wu and Peng Shi and Ruiqi Zhong and Torsten Scholak and Michihiro Yasunaga and Chien-Sheng Wu and Ming Zhong and Pengcheng Yin and Sida I. Wang and Victor Zhong and Bailin Wang and Chengzu Li and Connor Boyle and Ansong Ni and Ziyu Yao and Dragomir Radev and Caiming Xiong and Lingpeng Kong and Rui Zhang and Noah A. Smith and Luke Zettlemoyer and Tao Yu},
   month = {1},
   title = {UnifiedSKG: Unifying and Multi-Tasking Structured Knowledge Grounding with Text-to-Text Language Models},
   url = {http://arxiv.org/abs/2201.05966},
   year = {2022},
}
@article{Brunner2020,
   author = {Ursin Brunner and Kurt Stockinger},
   month = {5},
   title = {ValueNet: A Natural Language-to-SQL System that Learns from Database Information},
   url = {http://arxiv.org/abs/2006.00888},
   year = {2020},
}
@article{Shi2022,
   author = {Peng Shi and Rui Zhang and He Bai and Jimmy Lin},
   month = {10},
   title = {XRICL: Cross-lingual Retrieval-Augmented In-Context Learning for Cross-lingual Text-to-SQL Semantic Parsing},
   url = {http://arxiv.org/abs/2210.13693},
   year = {2022},
}
@article{Zhang2023,
   author = {Yusen Zhang and Jun Wang and Zhiguo Wang and Rui Zhang},
   month = {6},
   title = {XSemPLR: Cross-Lingual Semantic Parsing in Multiple Natural Languages and Meaning Representations},
   url = {http://arxiv.org/abs/2306.04085},
   year = {2023},
}
@article{Sherborne2021,
   author = {Tom Sherborne and Mirella Lapata},
   month = {4},
   title = {Zero-Shot Cross-lingual Semantic Parsing},
   url = {http://arxiv.org/abs/2104.07554},
   year = {2021},
}
@article{Wang2022,
   author = {Yizhong Wang and Yeganeh Kordi and Swaroop Mishra and Alisa Liu and Noah A Smith and Daniel Khashabi and Hannaneh Hajishirzi},
   journal = {arXiv preprint arXiv:2212.10560},
   title = {SELF-INSTRUCT: Aligning Language Models with Self-Generated Instructions},
   url = {https://github.com/},
   year = {2022},
}
@article{Gunasekar2023,
   author = {Suriya Gunasekar and Yi Zhang and Jyoti Aneja and Caio César and Teodoro Mendes and Allie Del Giorno and Sivakanth Gopi and Mojan Javaheripi and Piero Kauffmann and Gustavo De and Rosa Olli and Saarikivi Adil and Salim Shital and Shah Harkirat and Singh Behl and Xin Wang and Sébastien Bubeck and Ronen Eldan and Adam Tauman and Kalai Yin and Tat Lee and Yuanzhi Li},
   journal = {arXiv preprint arXiv:2306.11644},
   title = {Textbooks Are All You Need},
   year = {2023},
}
@article{Xu2023,
   author = {Can Xu and Qingfeng Sun and Kai Zheng and Xiubo Geng and Pu Zhao and Jiazhan Feng and Chongyang Tao and Qingwei Lin and Daxin Jiang},
   isbn = {2304.12244v2},
   journal = {arXiv preprint arXiv:2304.12244},
   title = {WizardLM: Empowering Large Language Models to Follow Complex Instructions},
   url = {https://chat.openai.com/},
   year = {2023},
}
@misc{Kul2016,
   keywords = {Clustering,Database Security,Query Logs,Summarization},
   title = {Summarizing Large Query Logs in Ettu Summarizing Large Query Logs in Ettu *},
   url = {https://www.researchgate.net/publication/305809173},
   year = {2016},
}
@article{Bahasa2023,
   author = {Jurnal Bahasa and Tira Nur Fitria},
   doi = {10.30603/al.v8i2.3442},
   issn = {2442-8973},
   issue = {2},
   journal = {Analysis of Translation Result. Al-Lisan: Jurnal Bahasa (e-Journal)},
   keywords = {Microsoft,microsoft word,translation,translation analysis},
   pages = {115},
   title = {Performance of Google Translate, Microsoft Translator, and DeepL Translator: Error Analysis of Translation Result},
   volume = {8},
   year = {2023},
}
@article{Handzel2021,
   author = {Zbigniew Handzel},
   doi = {10.15199/13.2021.6.3},
   issn = {0033-2089},
   issue = {6},
   journal = {ELEKTRONIKA - KONSTRUKCJE, TECHNOLOGIE, ZASTOSOWANIA},
   title = {TRANSLATOR DeepL – PRZEŁOM W TŁUMACZENIU KOMPUTEROWYM},
   volume = {1},
   year = {2021},
}
@article{Ternero2021,
   author = {Carlos Manuel Hidalgo-Ternero},
   doi = {10.6035/MONTI.2020.NE6.5},
   issn = {19899335},
   issue = {Especial 6},
   journal = {Monografias de Traduccion e Interpretacion (MonTI)},
   keywords = {Discontinuity,Neural machine translation,Phraseological variation,Somatisms},
   pages = {154-177},
   publisher = {Universidad de Alicante},
   title = {Google Translate vs. DeepL: Analysing neural machine translation performance under the challenge of phraseological variation},
   year = {2021},
}

@article{Yulianto2021,
   author = {Ahmad Yulianto and Rina Supriatnaningsih},
   doi = {10.37134/ajelp.vol9.2.9.2021},
   issue = {2},
   journal = {AJELP: Asian Journal of English Language and Pedagogy},
   keywords = {assessment,evaluation,human text,machine translation,metric},
   pages = {109-127},
   publisher = {APA},
   title = {Google Translate vs. DeepL: A quantitative evaluation of close-language pair translation},
   volume = {9},
   year = {2021},
}
@misc{Pang2014,
   author = {Candy Pang and Duane Szafron},
   journal = {LNCS},
   keywords = {Service Composition,Service Oriented Architecture (SOA),Single Source of Truth,Software Design Concept,Software Engineering},
   pages = {575-589},
   title = {LNCS 8831 - Single Source of Truth (SSOT) for Service Oriented Architecture (SOA)},
   volume = {8831},
   year = {2014},
}
@misc{Openai2018,
   author = {Alec Radford Openai and Karthik Narasimhan Openai and Tim Salimans Openai and Ilya Sutskever Openai},
   title = {Improving Language Understanding by Generative Pre-Training},
   url = {https://gluebenchmark.com/leaderboard},
   year = {2018},
}
@article{Vinyals2015,
   author = {Oriol Vinyals and Meire Fortunato and Navdeep Jaitly},
   month = {6},
   title = {Pointer Networks},
   url = {http://arxiv.org/abs/1506.03134},
   year = {2015},
}
@article{Xue2020,
   author = {Linting Xue and Noah Constant and Adam Roberts and Mihir Kale and Rami Al-Rfou and Aditya Siddhant and Aditya Barua and Colin Raffel},
   month = {10},
   title = {mT5: A massively multilingual pre-trained text-to-text transformer},
   url = {http://arxiv.org/abs/2010.11934},
   year = {2020},
}
@inproceedings{Ling2003,
   author = {Charles X. Ling and Jin Huang and Harry Zhang},
   doi = {10.1007/3-540-44886-1_25},
   issn = {16113349},
   journal = {Lecture Notes in Computer Science (including subseries Lecture Notes in Artificial Intelligence and Lecture Notes in Bioinformatics)},
   title = {AUC: A better measure than accuracy in comparing learning algorithms},
   volume = {2671},
   year = {2003},
}
@article{Kirkpatrick2016,
  title={Overcoming catastrophic forgetting in neural networks},
  author={Kirkpatrick, James and Pascanu, Razvan and Rabinowitz, Neil and Veness, Joel and Desjardins, Guillaume and Rusu, Andrei A and Milan, Kieran and Quan, John and Ramalho, Tiago and Grabska-Barwinska, Agnieszka and others},
  journal={Proceedings of the national academy of sciences},
  volume={114},
  number={13},
  pages={3521--3526},
  year={2017},
  publisher={National Acad Sciences}
}
@article{Wang2022Consistency,
   author = {Xuezhi Wang and Jason Wei and Dale Schuurmans and Quoc Le and Ed Chi and Sharan Narang and Aakanksha Chowdhery and Denny Zhou},
   month = {3},
   title = {Self-Consistency Improves Chain of Thought Reasoning in Language Models},
   url = {http://arxiv.org/abs/2203.11171},
   year = {2022},
}
@article{Brown2020,
   author = {Tom B. Brown and Benjamin Mann and Nick Ryder and Melanie Subbiah and Jared Kaplan and Prafulla Dhariwal and Arvind Neelakantan and Pranav Shyam and Girish Sastry and Amanda Askell and Sandhini Agarwal and Ariel Herbert-Voss and Gretchen Krueger and Tom Henighan and Rewon Child and Aditya Ramesh and Daniel M. Ziegler and Jeffrey Wu and Clemens Winter and Christopher Hesse and Mark Chen and Eric Sigler and Mateusz Litwin and Scott Gray and Benjamin Chess and Jack Clark and Christopher Berner and Sam McCandlish and Alec Radford and Ilya Sutskever and Dario Amodei},
   month = {5},
   title = {Language Models are Few-Shot Learners},
   url = {http://arxiv.org/abs/2005.14165},
   year = {2020},
}
@article{Yang2023,
   author = {Shuo Yang and Wei-Lin Chiang and Lianmin Zheng and Joseph E. Gonzalez and Ion Stoica},
   month = {11},
   title = {Rethinking Benchmark and Contamination for Language Models with Rephrased Samples},
   url = {http://arxiv.org/abs/2311.04850},
   year = {2023},
}
