@online{deepl-why, 
    title={DeepL - Dlaczego DeepL?},
    url={https://www.deepl.com/pl/whydeepl},
    author={DeepL},
    urldate={2023-11-19}
}
@online{c3-repository, 
    title={C3SQL Github Repository},
    url={https://github.com/bigbigwatermalon/C3SQL},
    author={Xuemei Dong and Chao Zhang and Yuhang Ge and Yuren Mao and Yunjun Gao and lu Chen and Jinshu Lin and Dongfang Lou},
    urldate={2023-12-29}
}
